@article{Phillips,
      author         = "Phillips, Daniel R. and Cohen, Thomas D.",
      title          = "{How short is too short? Constraining contact
                        interactions in nucleon-nucleon scattering}",
      journal        = "Phys. Lett.",
      volume         = "B390",
      year           = "1997",
      pages          = "7-12",
      doi            = "10.1016/S0370-2693(96)01411-6",
      eprint         = "nucl-th/9607048",
      archivePrefix  = "arXiv",
      primaryClass   = "nucl-th",
      reportNumber   = "DOE-ER-40762-092, UMD-PP-97-008",
      SLACcitation   = "%%CITATION = NUCL-TH/9607048;%%"
}

@article{haloeft,
  author={H-W Hammer and C Ji and D R Phillips},
  title={Effective field theory description of halo nuclei},
  journal={Journal of Physics G: Nuclear and Particle Physics},
  volume={44},
  number={10},
  pages={103002},
  url={http://stacks.iop.org/0954-3899/44/i=10/a=103002},
  year={2017},
}
	
@article{petrov_dimerov,
  title = {Weakly Bound Dimers of Fermionic Atoms},
  author = {Petrov, D. S. and Salomon, C. and Shlyapnikov, G. V.},
  journal = {Phys. Rev. Lett.},
  volume = {93},
  issue = {9},
  pages = {090404},
  numpages = {4},
  year = {2004},
  month = {Aug},
  publisher = {American Physical Society},
  doi = {10.1103/PhysRevLett.93.090404},
  url = {https://link.aps.org/doi/10.1103/PhysRevLett.93.090404}
}

@article{petrov_dimerov_nm,
  title = {Collisional properties of weakly bound heteronuclear dimers},
  author = {Marcelis, B. and Kokkelmans, S. J. J. M. F. and Shlyapnikov, G. V. and Petrov, D. S.},
  journal = {Phys. Rev. A},
  volume = {77},
  issue = {3},
  pages = {032707},
  numpages = {13},
  year = {2008},
  month = {Mar},
  publisher = {American Physical Society},
  doi = {10.1103/PhysRevA.77.032707},
  url = {https://link.aps.org/doi/10.1103/PhysRevA.77.032707}
}



@article{Kirscher:2017xpj,
      author         = "Kirscher, Johannes",
      title          = "{Emergence of a Brunnian neutron state}",
      year           = "2017",
      eprint         = "1709.02821",
      archivePrefix  = "arXiv",
      primaryClass   = "nucl-th",
      SLACcitation   = "%%CITATION = ARXIV:1709.02821;%%"
}

@article{Barnea:2013uqa,
      author         = "Barnea, N. and Contessi, L. and Gazit, D. and Pederiva,
                        F. and van Kolck, U.",
      title          = "{Effective Field Theory for Lattice Nuclei}",
      journal        = "Phys. Rev. Lett.",
      volume         = "114",
      year           = "2015",
      number         = "5",
      pages          = "052501",
      doi            = "10.1103/PhysRevLett.114.052501",
      eprint         = "1311.4966",
      archivePrefix  = "arXiv",
      primaryClass   = "nucl-th",
      reportNumber   = "INT-PUB-13-043",
      SLACcitation   = "%%CITATION = ARXIV:1311.4966;%%"
}

@article{Barrett:2012dr,
      author         = "Barrett, Bruce R.",
      title          = "{The no core shell model in an effective field theory
                        framework}",
      booktitle      = "{Proceedings, Conference in Honor of Jerry P. Draayer on
                        Horizons of Innovative Theories, Experiments, and
                        Supercomputing in Nuclear Physics (HITES 2012): New
                        Orleans, Louisiana, USA, June 4-7, 2012}",
      journal        = "J. Phys. Conf. Ser.",
      volume         = "403",
      year           = "2012",
      pages          = "012013",
      doi            = "10.1088/1742-6596/403/1/012013",
      SLACcitation   = "%%CITATION = 00462,403,012013;%%"
}

@article{Contessi:2017rww,
      author         = "Contessi, L. and Lovato, A. and Pederiva, F. and Roggero,
                        A. and Kirscher, J. and van Kolck, U.",
      title          = "{Ground-state properties of $^{4}$He and $^{16}$O
                        extrapolated from lattice QCD with pionless EFT}",
      journal        = "Phys. Lett.",
      volume         = "B772",
      year           = "2017",
      pages          = "839-848",
      doi            = "10.1016/j.physletb.2017.07.048",
      eprint         = "1701.06516",
      archivePrefix  = "arXiv",
      primaryClass   = "nucl-th",
      reportNumber   = "INT-PUB-17-004",
      SLACcitation   = "%%CITATION = ARXIV:1701.06516;%%"
}

@article{BERTULANI200237,
    title = "Effective field theory for halo nuclei: shallow p-wave states",
    journal = "Nuclear Physics A",
    volume = "712",
    number = "1",
    pages = "37 - 58",
    year = "2002",
    issn = "0375-9474",
    doi = "https://doi.org/10.1016/S0375-9474(02)01270-8",
    url = "http://www.sciencedirect.com/science/article/pii/S0375947402012708",
    author = "C.A. Bertulani and H.-W. Hammer and U. van Kolck",
    keywords = "Effective field theory, Shallow -wave states, Halo nuclei"
}

@article{PhysRevA.68.043626,
  title = {Mean-field analysis of the stability of a K-Rb Fermi-Bose mixture},
  author = {Modugno, M. and Ferlaino, F. and Riboli, F. and Roati, G. and Modugno, G. and Inguscio, M.},
  journal = {Phys. Rev. A},
  volume = {68},
  issue = {4},
  pages = {043626},
  numpages = {5},
  year = {2003},
  month = {Oct},
  publisher = {American Physical Society},
  doi = {10.1103/PhysRevA.68.043626},
  url = {https://link.aps.org/doi/10.1103/PhysRevA.68.043626}
}

@article {Modugno2240,
	author = {Modugno, Giovanni and Roati, Giacomo and Riboli, Francesco and Ferlaino, Francesca and Brecha, Robert J. and Inguscio, Massimo},
	title = {Collapse of a Degenerate Fermi Gas},
	volume = {297},
	number = {5590},
	pages = {2240--2243},
	year = {2002},
	doi = {10.1126/science.1077386},
	publisher = {American Association for the Advancement of Science},
	abstract = {A degenerate gas of identical fermions is brought to collapse by the interaction with a Bose-Einstein condensate. We used an atomic mixture of fermionic potassium-40 and bosonic rubidium-87, in which the strong interspecies attraction leads to an instability above a critical number of particles. The observed phenomenon suggests a direction for manipulating fermion-fermion interactions on the route to superfluidity.},
	issn = {0036-8075},
	URL = {https://science.sciencemag.org/content/297/5590/2240},
	eprint = {https://science.sciencemag.org/content/297/5590/2240.full.pdf},
	journal = {Science}
}

@article{Wheeler:1937zz,
      author         = "Wheeler, John A.",
      title          = "{On the Mathematical Description of Light Nuclei by the
                        Method of Resonating Group Structure}",
      journal        = "Phys. Rev.",
      volume         = "52",
      year           = "1937",
      pages          = "1107-1122",
      doi            = "10.1103/PhysRev.52.1107",
      SLACcitation   = "%%CITATION = PHRVA,52,1107;%%"
}

@Inbook{Wildermuth1977,
author="Wildermuth, K.
and Tang, Y. C.",
title="A Unified Theory of the Nucleus",
year="1977",
publisher="Vieweg+Teubner Verlag",
address="Wiesbaden",
isbn="978-3-322-85255-7",
doi="10.1007/978-3-322-85255-7_2",
url="https://doi.org/10.1007/978-3-322-85255-7_2"
}

@book{Edmonds,
 URL = {http://www.jstor.org/stable/j.ctt1cx3v9p},
 abstract = {This book offers a concise introduction to the angular momentum, one of the most fundamental quantities in all of quantum mechanics. Beginning with the quantization of angular momentum, spin angular momentum, and the orbital angular momentum, the author goes on to discuss the Clebsch-Gordan coefficients for a two-component system. After developing the necessary mathematics, specifically spherical tensors and tensor operators, the author then investigates the 3-j, 6-j, and 9-jsymbols. Throughout, the author provides practical applications to atomic, molecular, and nuclear physics. These include partial-wave expansions, the emission and absorption of particles, the proton and electron quadrupole moment, matrix element calculation in practice, and the properties of the symmetrical top molecule.},
 author = {A. R. EDMONDS},
 publisher = {Princeton University Press},
 title = {Angular Momentum in Quantum Mechanics},
 year = {1985}
}